<record><leader>00000cas a22000007a 4500</leader><controlfield tag="001">11619111</controlfield><controlfield tag="008">850125d18uu1889wiuwr ne      0    0eng d</controlfield><datafield ind1=" " ind2=" " tag="010"><subfield code="a">sn 85033028 </subfield></datafield><datafield ind1=" " ind2=" " tag="040"><subfield code="a">NPU</subfield><subfield code="b">eng</subfield><subfield code="c">NPU</subfield><subfield code="d">NPV</subfield><subfield code="d">NPX</subfield><subfield code="d">NVF</subfield><subfield code="d">NVK</subfield><subfield code="d">OCL</subfield><subfield code="d">NVK</subfield><subfield code="d">OCLCQ</subfield><subfield code="d">OCLCF</subfield><subfield code="d">OCLCO</subfield></datafield><datafield ind1=" " ind2=" " tag="042"><subfield code="a">msc</subfield></datafield><datafield ind1=" " ind2=" " tag="043"><subfield code="a">n-us-wi</subfield></datafield><datafield ind1=" " ind2=" " tag="045"><subfield code="a">w-w8</subfield></datafield><datafield ind1=" " ind2=" " tag="052"><subfield code="a">4123</subfield><subfield code="b">O8</subfield></datafield><datafield ind1="0" ind2="0" tag="245"><subfield code="a">Appleton post.</subfield></datafield><datafield ind1=" " ind2=" " tag="260"><subfield code="a">Appleton, Wis. :</subfield><subfield code="b">Reid &amp; Grumley,</subfield><subfield code="c">-1889.</subfield></datafield><datafield ind1=" " ind2=" " tag="300"><subfield code="a">v. :</subfield><subfield code="b">ill. ;</subfield><subfield code="c">65 cm.</subfield></datafield><datafield ind1=" " ind2=" " tag="310"><subfield code="a">Weekly</subfield></datafield><datafield ind1="0" ind2=" " tag="362"><subfield code="a">-v. 30, no. 17 (Apr. 25, 1889).</subfield></datafield><datafield ind1=" " ind2=" " tag="500"><subfield code="a">Publisher varies: Post Pub. Co., &lt;July 6, 1876&gt;.</subfield></datafield><datafield ind1=" " ind2=" " tag="500"><subfield code="a">Editors: A.J. Reid &amp; E.I. Grumley, &lt;Sept. 10, 1868&gt;, H. Pomeroy, Sept. 20, 1866-May 30, 1867, A.J. Reid &amp; E.I. Grumley, Mar. 19, 1868-Sept. 24, 1868; A.J. Reid &amp; G.M. Miller, Oct. 21, 1869-Apr. 22, 1875; A.J. Reid, Apr. 29, 1875-Jan. 1, 1881.</subfield></datafield><datafield ind1=" " ind2=" " tag="525"><subfield code="a">Supplements accompany some issues.</subfield></datafield><datafield ind1=" " ind2=" " tag="530"><subfield code="a">Available on microfilm from the State Historical Society of Wisconsin.</subfield></datafield><datafield ind1=" " ind2=" " tag="580"><subfield code="a">Daily ed.: Appleton daily post.</subfield></datafield><datafield ind1=" " ind2=" " tag="588"><subfield code="a">Description based on: Vol. 9, no. 41 (Sep. 10, 1868).</subfield></datafield><datafield ind1=" " ind2="0" tag="651"><subfield code="a">Appleton (Wis.)</subfield><subfield code="v">Newspapers.</subfield></datafield><datafield ind1=" " ind2="0" tag="651"><subfield code="a">Outagamie County (Wis.)</subfield><subfield code="v">Newspapers.</subfield></datafield><datafield ind1=" " ind2="7" tag="655"><subfield code="a">Newspapers.</subfield><subfield code="2">fast</subfield><subfield code="0">(OCoLC)fst01423814</subfield></datafield><datafield ind1=" " ind2="7" tag="651"><subfield code="a">Wisconsin</subfield><subfield code="z">Appleton.</subfield><subfield code="2">fast</subfield><subfield code="0">(OCoLC)fst01217342</subfield></datafield><datafield ind1=" " ind2="7" tag="651"><subfield code="a">Wisconsin</subfield><subfield code="z">Outagamie County.</subfield><subfield code="2">fast</subfield><subfield code="0">(OCoLC)fst01213222</subfield></datafield><datafield ind1=" " ind2=" " tag="752"><subfield code="a">United States</subfield><subfield code="b">Wisconsin</subfield><subfield code="c">Outagamie</subfield><subfield code="d">Appleton.</subfield></datafield><datafield ind1="1" ind2=" " tag="775"><subfield code="t">Appleton daily post</subfield><subfield code="w">(DLC)sn 85040233</subfield></datafield><datafield ind1="0" ind2="0" tag="780"><subfield code="t">Appleton motor</subfield><subfield code="w">(DLC)sn 84024924</subfield></datafield><datafield ind1="0" ind2="0" tag="785"><subfield code="t">Appleton weekly post</subfield><subfield code="w">(DLC)sn 85041147</subfield></datafield></record>